<record><leader>00000cas a22000007a 4500</leader><controlfield tag="001">11859576</controlfield><controlfield tag="008">850328d1uuu19uutxuwr ne      0   a0eng d</controlfield><datafield ind1=" " ind2=" " tag="010"><subfield code="a">sn 85001035 </subfield></datafield><datafield ind1=" " ind2=" " tag="040"><subfield code="a">NSD</subfield><subfield code="b">eng</subfield><subfield code="c">NSD</subfield><subfield code="d">OCLCQ</subfield></datafield><datafield ind1=" " ind2=" " tag="012"><subfield code="j">0</subfield><subfield code="l">1</subfield><subfield code="m">d</subfield></datafield><datafield ind1="1" ind2=" " tag="022"><subfield code="a">0882-4940</subfield><subfield code="l">0882-4940</subfield><subfield code="2">1</subfield></datafield><datafield ind1=" " ind2=" " tag="037"><subfield code="b">The Rockwall Texas Success, P.O. Box 127, Rockwall, TX 75087</subfield></datafield><datafield ind1=" " ind2=" " tag="042"><subfield code="a">nsdp</subfield><subfield code="a">msc</subfield></datafield><datafield ind1=" " ind2="4" tag="222"><subfield code="a">The Rockwall Texas success</subfield></datafield><datafield ind1="0" ind2="4" tag="245"><subfield code="a">The Rockwall Texas success.</subfield></datafield><datafield ind1=" " ind2=" " tag="260"><subfield code="a">Rockwall, Tex. :</subfield><subfield code="b">Rockwall Texas Success</subfield></datafield><datafield ind1=" " ind2=" " tag="300"><subfield code="a">v.</subfield></datafield><datafield ind1=" " ind2=" " tag="310"><subfield code="a">Weekly</subfield></datafield><datafield ind1=" " ind2=" " tag="588"><subfield code="a">Description based on: Vol. 102, no. 12 (Friday, Mar. 22, 1985).</subfield></datafield><datafield ind1=" " ind2=" " tag="752"><subfield code="a">United States</subfield><subfield code="b">Texas</subfield><subfield code="c">Rockwall</subfield><subfield code="d">Rockwall.</subfield></datafield><datafield ind1="0" ind2="0" tag="785"><subfield code="t">Rockwall County journal-success</subfield><subfield code="x">1048-8227</subfield><subfield code="w">(DLC)sn 90004443</subfield></datafield></record>